you@book{huybrechts2006fourier,
  title={Fourier-Mukai Transforms in Algebraic Geometry},
  author={Huybrechts, D.},
  isbn={9780199296866},
  lccn={2006298244},
  series={Oxford Mathematical Monographs},
  url={https://books.google.com.br/books?id=9HQTDAAAQBAJ},
  year={2006},
  publisher={Clarendon Press}
}

@article{bayer,
author = {Bayer, A.},
pages = {},
title = {A TOUR TO STABILITY CONDITIONS ON DERIVED CATEGORIES}
}

@Inbook{Macri2017,
author="Macr{\`i}, E. and Schmidt, B.",
editor="Brambila Paz, Leticia
and Ciliberto, Ciro
and Esteves, Eduardo
and Melo, Margarida
and Voisin, Claire",
title="Lectures on Bridgeland Stability",
bookTitle="Moduli of Curves: CIMAT Guanajuato, Mexico 2016",
year="2017",
publisher="Springer International Publishing",
address="Cham",
pages="139--211",
abstract="In these lecture notes we give an introduction to Bridgeland stability conditions on smooth complex projective varieties with a particular focus on the case of surfaces. This includes basic definitions of stability conditions on derived categories, basics on moduli spaces of stable objects and variation of stability. These notes originated from lecture series by the first author at the summer school Recent advances in algebraic and arithmetic geometry, Siena, Italy, August 24--28, 2015 and at the school Moduli of Curves, CIMAT, Guanajuato, Mexico, February 22--March 4, 2016.",
isbn="978-3-319-59486-6",
doi="10.1007/978-3-319-59486-6_5",
url="https://doi.org/10.1007/978-3-319-59486-6_5"
}
@article{COSKUN,
title = "Interpolation, Bridgeland stability and monomial schemes in the plane",
journal = "Journal de Math\'ematiques Pures et Appliqu\'ees",
volume = "102",
number = "5",
pages = "930 - 971",
year = "2014",
issn = "0021-7824",
doi = "https://doi.org/10.1016/j.matpur.2014.02.010",
url = "http://www.sciencedirect.com/science/article/pii/S0021782414000257",
author = "Coskun, I. and Huizenga, J.",
keywords = "Hilbert scheme, Monomial schemes, Bridgeland stability, Stable base locus",
abstract = "Given a zero-dimensional scheme Z, the higher-rank interpolation problem asks for the classification of slopes μ such that there exists a vector bundle E of slope μ satisfying Hi(E⊗IZ)=0 for all i. In this paper, we solve this problem for all zero-dimensional monomial schemes in P2. As a corollary, we obtain detailed information on the stable base loci of Brill–Noether divisors on the Hilbert scheme of points on P2. We prove the correspondence between walls in the Bridgeland stability manifold and walls in the Mori chamber decomposition of the effective cone conjectured in [2] for monomial schemes. We determine the Harder–Narasimhan filtration of ideal sheaves of monomial schemes for suitable Bridgeland stability conditions and, as a consequence, obtain a new resolution better suited for cohomology computations than other standard resolutions such as the minimal free resolution.
Résumé
Soit Z un schéma monomial de dimension zéro du plan projectif. Dans cet article, on détermine les pentes μ pour lesquelles il existe un fibré vectoriel E de pente μ vérifiant Hi(E⊗IZ)=0 pour tout i. On obtient, comme corollaire, une information détaillée sur la base stable des lieux des diviseurs de Brill–Noether sur les schémas de Hilbert ponctuel. On démontre une conjecture, formulée dans [2] pour les schémas monomiaux, sur une correspondance entre les parois de la variété stable de Bridgeland et les parois de Mori. On détermine la filtration de Harder–Narasimhan de schémas monomiaux pour certaines conditions de stabilité de Bridgeland et comme conséquence on trouve une nouvelle résolution, mieux adaptée, des calculs de cohomologie que d'autres résolutions standards comme, par exemple, la résolution libre minimale."
}

@article{Alexander,
title = "Polynomial interpolation in several variables",
journal = "The Journal of Algebraic Geometry",
volume = "4",
number = "2",
pages = "201 - 222",
year = "1995",
author = "Alexander, J. and Hirschowitz, A.",
}





@Article{Hirschowitz1993,
author="Hirschowitz, A.
and Laszlo, Y.",
title="Fibr{\'e}s g{\'e}n{\'e}riques sur le plan projectif",
journal="Mathematische Annalen",
year="1993",
month="Sep",
day="01",
volume="297",
number="1",
pages="85--102",
issn="1432-1807",
doi="10.1007/BF01459489",
url="https://doi.org/10.1007/BF01459489"
}


@book{1994weak,
  title={Weak Brill-Noether for Vector Bundles on the Projective Plane},
  author={G{\"o}ttsche, L. and Hirschowitz, A.},
  url={https://books.google.com.br/books?id=EPrBPgAACAAJ},
  year={1994},
  publisher={Max-Planck-Inst. f{\"u}r Math.},
}

@book{hirzebruch,
  title={Topological methods in algebraic geometry},
  author={Hirzebruch, F.},
  lccn={66014573},
  series={Grundlehren der mathematischen Wissenschaften},
  url={https://books.google.com.br/books?id=H0XvAAAAMAAJ},
  year={1966},
  publisher={Springer-Verlag}
}

@book{hartshorne1977algebraic,
  title={Algebraic Geometry},
  author={Hartshorne, R.},
  isbn={9780387902449},
  lccn={lc77001177},
  series={Graduate Texts in Mathematics},
  url={https://books.google.com.br/books?id=3rtX9t-nnvwC},
  year={1977},
  publisher={Springer}
}

@book{beilinson2018faisceaux,
  title={Faisceaux pervers},
  author={Beilinson, A. and Bernstein, J. and Deligne, P.},
  isbn={9782856298787},
  url={https://books.google.com.br/books?id=ryFBuwEACAAJ},
  series={Ast\'erisque},
  volume={100},
  year={1982},
  publisher={Soci{\'e}t{\'e} Math{\'e}matique de France}
}

@InProceedings{FantechiBarbara,
author="Fantechi, B.",
editor="Casacuberta, Carles
and Mir{\'o}-Roig, Rosa Maria
and Verdera, Joan
and Xamb{\'o}-Descamps, Sebasti{\`a}",
title="Stacks for Everybody",
booktitle="European Congress of Mathematics",
year="2001",
publisher="Birkh{\"a}user Basel",
address="Basel",
pages="349--359",
abstract="Let G be a category with a Grothendieck topology. A stack over G is a category fibered in groupoids over G, such that isomorphisms form a sheaf and every descent datum is effective. If G is the category of schemes with the {\'e}tale topology, a stack is algebraic in the sense of Deligne-Mumford (respectively Artin) if it has an {\'e}tale (resp. smooth) presentation.",
isbn="978-3-0348-8268-2"
}


@Article{Deligne1969,
author="Deligne, P.
and Mumford, D.",
title="The irreducibility of the space of curves of given genus",
journal="Publications Math{\'e}matiques de l'Institut des Hautes {\'E}tudes Scientifiques",
year="1969",
month="Jan",
day="01",
volume="36",
number="1",
pages="75--109",
issn="1618-1913",
doi="10.1007/BF02684599",
url="https://doi.org/10.1007/BF02684599"
}

@Article{Artin1974,
author="Artin, M.",
title="Versal deformations and algebraic stacks",
journal="Inventiones mathematicae",
year="1974",
month="Sep",
day="01",
volume="27",
number="3",
pages="165--189",
issn="1432-1297",
doi="10.1007/BF01390174",
url="https://doi.org/10.1007/BF01390174"
}

@article{Bridgeland,
author = {Bridgeland, T.},
year = {2007},
pages = {317--345},
title = {Stability conditions on triangulated categories},
volume = {166},
journal = {Annals of Mathematics},
doi = {10.4007/annals.2007.166.317}
}

@article{Douglas:2002fj,
      author         = "Douglas, M. R.",
      title          = "{Dirichlet branes, homological mirror symmetry, and
                        stability}",
      year           = "2002",
      eprint         = "math/0207021",
      archivePrefix  = "arXiv",
      primaryClass   = "math-ag",
      reportNumber   = "RUNHETC-2002-25",
      SLACcitation   = "%%CITATION = MATH/0207021;%%"
}
@article{bridgeland2008,
author = "Bridgeland, Tom",
doi = "10.1215/S0012-7094-08-14122-5",
fjournal = "Duke Mathematical Journal",
journal = "Duke Math. J.",

number = "2",
pages = "241--291",
publisher = "Duke University Press",
title = "Stability conditions on $K3$ surfaces",
url = "https://doi.org/10.1215/S0012-7094-08-14122-5",
volume = "141",
year = "2008"
}
@article{ARCARA2013580,
title = "The minimal model program for the Hilbert scheme of points on P2 and Bridgeland stability",
journal = "Advances in Mathematics",
volume = "235",
pages = "580 - 626",
year = "2013",
issn = "0001-8708",
doi = "https://doi.org/10.1016/j.aim.2012.11.018",
url = "http://www.sciencedirect.com/science/article/pii/S0001870812004598",
author = "Arcara, D. and Bertram, A. and Coskun, I. and Huizenga, J.",
keywords = "Hilbert scheme, Minimal model program, Bridgeland stability conditions, Quiver representations",
abstract = "In this paper, we study the birational geometry of the Hilbert scheme P2[n] of n-points on P2. We discuss the stable base locus decomposition of the effective cone and the corresponding birational models. We give modular interpretations to the models in terms of moduli spaces of Bridgeland semi-stable objects. We construct these moduli spaces as moduli spaces of quiver representations using G.I.T. and thus show that they are projective. There is a precise correspondence between wall-crossings in the Bridgeland stability manifold and wall-crossings between Mori cones. For n≤9, we explicitly determine the walls in both interpretations and describe the corresponding flips and divisorial contractions."
}

@Article{Hoppe1984,
author="Hoppe, H. J.",
title="Generischer Spaltungstyp und zweite Chernklasse stabiler Vektorraumbundel vom Rang $4$ auf $\mathbb P^4$",
journal="Mathematische Zeitschrift",
year="1984",
month="Sep",
day="01",
volume="187",
number="3",
pages="345--360",
issn="1432-1823",
doi="10.1007/BF01161952",
url="https://doi.org/10.1007/BF01161952"
}
@book{Okonek,
author="Okonek, C. and Schneider, M. and Spindler, H.",
title="Vector Bundles on Complex Projective Spaces",
year="1980",
Publisher="Birkh\"auser Basel",
DOI="10.1007/978-3-0348-0151-5",
series="Modern Birkh\"auser Classics",
volume="1"
}
@article{Ottaviani,
 ISSN = {00029947},
 URL = {http://www.jstor.org/stable/2154578},
 abstract = {We prove that the special instanton bundles of rank 2n on P2n + 1(C) with a symplectic structure studied by Spindler and Trautmann are stable in the sense of Mumford-Takemoto. This implies that the generic special instanton bundle is stable. Moreover all instanton bundles on P5 are stable. We get also the stability of other related vector bundles.},
 author = {Vincenzo Ancona and Giorgio Ottaviani},
 journal = {Transactions of the American Mathematical Society},
 number = {2},
 pages = {677--693},
 publisher = {American Mathematical Society},
 title = {Stability of Special Instanton Bundles on P<sup>2n + 1</sup>},
 volume = {341},
 year = {1994}
}
@article{jardim,
author = {Jardim, Marcos and Menet, Grégoire and Prata, Daniela M. and Sá Earp, Henrique N.},
title = {Holomorphic bundles for higher dimensional gauge theory},
journal = {Bulletin of the London Mathematical Society},
volume = {49},
number = {1},
pages = {117-132},
keywords = {14D21, 14F05 (primary), 53C07 (secondary)},
doi = {10.1112/blms.12017},
url = {https://londmathsoc.onlinelibrary.wiley.com/doi/abs/10.1112/blms.12017},
eprint = {https://londmathsoc.onlinelibrary.wiley.com/doi/pdf/10.1112/blms.12017},
abstract = {Abstract Motivated by gauge theory under special holonomy, we present techniques to produce holomorphic bundles over certain non-compact 3-folds, called building blocks, satisfying a stability condition ‘at infinity’. Such bundles are known to parametrize solutions of the Yang–Mills equation over the G2-manifolds obtained from asymptotically cylindrical Calabi–Yau 3-folds studied by Kovalev, Haskins et al. and Corti et al. The most important tool is a generalization of Hoppe's stability criterion to holomorphic bundles over smooth projective varieties X with PicX≃Zl, a result which may be of independent interest. Finally, we apply monads to produce a prototypical model of the curvature blow-up phenomenon along a sequence of asymptotically stable bundles degenerating into a torsion-free sheaf.},,
year = {2017}
}
